@book{doi:10.1007/978-3-322-93483-3,
  author    = {FÃ¶rster, Wolfgang},
  title     = {{Mechanische Eigenschaften der Lockergesteine}},
  publisher = {Vieweg+Teubner Verlag Wiesbaden},
  year      = {1996},
  pages     = {228},
  doi       = {10.1007/978-3-322-93483-3},
  isbn      = {978-3-8154-5000-0},
  url       = {https://link.springer.com/book/10.1007/978-3-322-93483-3}
}
