@article{PERMANN2020100430,
  title    = {MOOSE: Enabling massively parallel multiphysics simulation},
  journal  = {SoftwareX},
  volume   = {11},
  pages    = {100430},
  year     = {2020},
  issn     = {2352-7110},
  doi      = {https://doi.org/10.1016/j.softx.2020.100430},
  url      = {https://www.sciencedirect.com/science/article/pii/S2352711019302973},
  author   = {Cody J. Permann and Derek R. Gaston and David Andrš and Robert W. Carlsen and Fande Kong and Alexander D. Lindsay and Jason M. Miller and John W. Peterson and Andrew E. Slaughter and Roy H. Stogner and Richard C. Martineau},
  keywords = {Framework, Finite-element, Parallel, Multiphysics, Multiscale},
  abstract = {Harnessing modern parallel computing resources to achieve complex multiphysics simulations is a daunting task. The Multiphysics Object Oriented Simulation Environment (MOOSE) aims to enable such development by providing simplified interfaces for specification of partial differential equations, boundary conditions, material properties, and all aspects of a simulation without the need to consider the parallel, adaptive, nonlinear, finite element solve that is handled internally. Through the use of interfaces and inheritance, each portion of a simulation becomes reusable and composable in a manner that allows disparate research groups to share code and create an ecosystem of growing capability that lowers the barrier for the creation of multiphysics simulation codes. Included within the framework is a unique capability for building multiscale, multiphysics simulations through simultaneous execution of multiple sub-applications with data transfers between the scales. Other capabilities include automatic differentiation, scaling to a large number of processors, hybrid parallelism, and mesh adaptivity. To date, MOOSE-based applications have been created in areas of science and engineering such as nuclear physics, geothermal science, magneto-hydrodynamics, seismic events, compressible and incompressible fluid flow, microstructure evolution, and advanced manufacturing processes.}
}

## Terzaghi, Karl (1925). Erdbaumechanik auf Bodenphysikalischer Grundlage. F. Deuticke.

## Terzaghi, Karl (1936). 
##   Relation Between Soil Mechanics and Foundation Engineering.
##   Presidential Address, Proceedings, First International Conference on Soil Mechanics and Foundation Engineering,
##   Boston. 3, 13–18.


@article{doi:10.1680/geot.1962.12.2.125,
  author   = {Jennings, J. E. B. and Burland, J. B.},
  title    = {Limitations to the Use of Effective Stresses in Partly Saturated Soils},
  journal  = {Géotechnique},
  volume   = {12},
  number   = {2},
  pages    = {125-144},
  year     = {1962},
  doi      = {10.1680/geot.1962.12.2.125},
  url      = {https://doi.org/10.1680/geot.1962.12.2.125},
  eprint   = {https://doi.org/10.1680/geot.1962.12.2.125},
  abstract = { Synopsis Terzaghi's effective stress principle may be stated in the form of two propositions:— (i) Changes in volume and shearing strength of a soil are due exclusively to changes in effective stress. (ii> The effective stress σ′ in a soil is defined as the excess of the total applied stress σ over the pore pressure u. The validity of this principle for fully saturated soils is now well established and has proved invaluable in the prediction of the behaviour of such soils. In recent years workers have attempted to extend the principle to cover the case of partly saturated soils and to date most of this work has been concerned with deriving a suitable form of effective stress equation, Up till now the validity of the first proposition, upon which the main practical significance of the effective stress principle relies, does not appear to have been questioned. In this Paper the results of a series of oedometer and all-round compression tests on partly saturated and fully saturated soils are presented. The soils used range from a silty sand to a silty clay. The results, together with additional experimental data derived mainly from oedometer tests on wind-blown sands and expansive clays, indicate that most soils, from sands right thorugh to clays exhibit behaviour which, below a critical degree of saturation, cannot be accounted for purely on the basis of effective stress changes. In sands the critical degree of saturation is below 50\%. In clays, however, the critical degree of saturation appears to be as high as 90\%. An explanation for the observed behaviour of partly saturated soils is offered. It is suggested that the structural changes resulting from a change of pressure deficiency in a soil are very different from those resulting from an equivalent change in applied stress. Although the experimental work described in the Paper is confined mainly to considerations of volume change the conclusions drawn apply equally well to shear strength. The practical significance of the results of the invetigation are discussed briefly. Le principe de tension effective de Terzaghi peut s'énoneer sous la forme de deux propositions:— (i) Les changements en volume et en effort de cisaillement d'un sol sont dûs exclusive-ment aux changement de tension effective. (ii) La tension effective σ′ dans un sol est déterminée d'après l'excédent de la tension appliqué totale σ sur la pression interstitielle u. La validité du principe pour des sols compléte-ment saturés est maintenant bien établie et s'est montrée inestimable pour la prédiction de la manière dont ces sols se comportent. Ces dernières années des chercheurs ont essayé de développer ce principe pour qu'il comprenne la cas des sols partiellement saturés et jusqu'à présent la plupart de ce travail a eu pour but de développer une forme convenable d'équation de la première proposition, sur laquelle se base la principale signification pratique du principe de tension effective, ne semble pas avoir été mise en doute. Dans cet article on présente les résultats d'un série d'essais œ dométrique et d'essais complets de compression sur des sols partiellement saturés et complètement saturés. Les sols employés varient du sable limoneux à l'argile limoneuse. Les résul-tats, avec aussi les renseignements expérimentaux additionnels derivés principalement des essais œdométriques sur des sables éoliens et des argiles expansibles, indiquent que la plupart des sols, depuis les sables jusqu'aux argiles montrent qu'ils se comportent, au dessous d'un degré critifque de saturation, d'une manière qui ne peut pas s'expliquer simplement sur la base des changments de tension effective. Pour les sables le degré critique de saturation est inférieur à 50\%. Per contre pour les argiles le degré critique de saturation semble atteindre 90\%. On donne une explication sur la manière dont se comporte les sols partiellement saturés qui ont été observés. On suggère que les changements de structure résultant d'un changement de manque de pression dans un sol sont très différents de ceux qui résultent d'un changement équivalent dans la tension appliqueée. Malgré que le travail expéri-mental décrit dans l'article soit limité principalement aux considérations de changement de volume les conclusions tirées s'appliquent aussi bien à la résistance au cisaillement. On expose une brève discussion de la signification pratique des résultats de l'enquête. }
}

@inbook{doi:10.1680/sposm.02050.0014,
  author    = {Skempton, A. W.},
  title     = {Effective Stress in Soils, Concrete and Rocks},
  booktitle = {Selected papers on soil mechanics},
  chapter   = {},
  publisher = {Thomas Telford Publishing},
  year      = {1984},
  pages     = {106-118},
  doi       = {10.1680/sposm.02050.0014},
  isbn      = {978-0-7277-3982-7},
  url       = {https://www.icevirtuallibrary.com/doi/abs/10.1680/sposm.02050.0014},
  eprint    = {https://www.icevirtuallibrary.com/doi/pdf/10.1680/sposm.02050.0014},
  abstract  = { Introduction PART I PART II PART III Summary References }
}
